<record><leader>00000cas a22000007a 4500</leader><controlfield tag="001">15715957</controlfield><controlfield tag="008">870520d18771919nyuwr ne      0    0eng d</controlfield><controlfield tag="009">550</controlfield><datafield ind1=" " ind2=" " tag="010"><subfield code="a">sn 87070015 </subfield></datafield><datafield ind1=" " ind2=" " tag="040"><subfield code="a">NYS</subfield><subfield code="b">eng</subfield><subfield code="c">NYS</subfield><subfield code="d">OCLCQ</subfield></datafield><datafield ind1="1" ind2=" " tag="029"><subfield code="a">AU@</subfield><subfield code="b">000025793376</subfield></datafield><datafield ind1=" " ind2=" " tag="042"><subfield code="a">msc</subfield></datafield><datafield ind1="0" ind2="4" tag="245"><subfield code="a">The Homer Republican.</subfield></datafield><datafield ind1=" " ind2=" " tag="260"><subfield code="a">Homer, N.Y. :</subfield><subfield code="b">Wm. O. Bunn</subfield></datafield><datafield ind1=" " ind2=" " tag="300"><subfield code="a">v.</subfield></datafield><datafield ind1=" " ind2=" " tag="310"><subfield code="a">Weekly</subfield></datafield><datafield ind1="0" ind2=" " tag="362"><subfield code="a">Vol. 23, no. 7 (Sept. 6, 1877)-v. 44, no. 39 (Mar. 6, 1919).</subfield></datafield><datafield ind1=" " ind2=" " tag="500"><subfield code="a">Publishers: William O. Bunn, 1877-&lt;1884&gt;; Stevens &amp; Danes, &lt;1886-1916&gt;; Stevens &amp; Sons, &lt;1918&gt;; Charles H. Stevens, -1919.</subfield></datafield><datafield ind1=" " ind2=" " tag="515"><subfield code="a">Issues for &lt;Nov. 5, 1914-Jan. 6, 1916&gt; numbered: &lt;Vol. 60, no. 21-v. 61, no. 30&gt;.</subfield></datafield><datafield ind1=" " ind2="4" tag="651"><subfield code="a">Homer (N.Y.)</subfield><subfield code="v">Newspapers.</subfield></datafield><datafield ind1=" " ind2=" " tag="752"><subfield code="a">United States</subfield><subfield code="b">New York</subfield><subfield code="c">Cortland</subfield><subfield code="d">Homer.</subfield></datafield><datafield ind1="0" ind2="0" tag="780"><subfield code="t">Cortland County Republican (Homer, N.Y.)</subfield><subfield code="w">(DLC)sn 83031365</subfield></datafield><datafield ind1="0" ind2="7" tag="785"><subfield code="t">Cortland standard (Cortland, N.Y. : Semiweekly)</subfield><subfield code="w">(DLC)sn 91066329</subfield><subfield code="w">(OCoLC)23966511</subfield></datafield><datafield ind1="0" ind2="7" tag="785"><subfield code="t">Cortland standard and Homer Republican (Cortland, N.Y. : Weekly)</subfield><subfield code="w">(DLC)sn 91066113</subfield></datafield></record>